

% Valter

@string{mpe = {Mathematical Problems in Engineering}}

\usepackage{url}
%==================
@string{sba = {{SBA:} Controle {\&} Automa{\c{c}\~{a}o}}}
@string{amc = {Applied Mathematics and Computation}}
@string{aml = {Applied Mathematics Letters}}
@string{aut = {Automatica}}
@string{cssp = {Circuits Systems and Signal Processing}}
@string{cee = {Computers \& Electrical Engineering}}
@string{cmwa = {Computers and Mathematics with Applications}}
@string{cmpb = {Computer Methods and Programs in Biomedicine}}
@string{cep = {Control Engineering Practice}}
@string{ctat = {Control Theory and Advanced Technology}}
@string{eaai = {Engineering Applications of Artificial Intelligence}}
@string{epsr = {Electric Power Systems Research}}
@string{laa = {Linear Algebra and Its Applications}}
@string{scl = {Systems \& Control Letters}}
@string{ejc = {European Journal of Control}}
@string{el = {Electronic Letters}}
@string{eswa = {Expert Systems with Applications}}
@string{fss = {Fuzzy Sets and Systems}}
@string{arc = {Annual Reviews in Control}}

@string{ieeecs= {IEEE Control Systems}}
@STRING{ieeecsm = {IEEE Control Systems Magazine}}
@STRING{ieeecomlet = {IEEE Communications Letters}}
@string{ieeespl = {IEEE Signal Processing Letters}}
@string{ieeespm = {IEEE Signal Processing Magazine}}

@string{ieeetaes = {IEEE Transactions on Aerospace and Electronic Systems}}
@STRING{ieeetassp = {IEEE Transactions on Acoustic, Speech and Signal Processing}}
@string{ieeetac = {IEEE Transactions on Automatic Control}}
@string{ieeetbe = {IEEE Transactions on Biomedical Engineering}}

@STRING{ieeetcs = {IEEE Transactions on Circuits and Systems}}@string{eaai = {Engineering Applications of Artificial Intelligence}}
@STRING{ieeetcsI = {IEEE Transactions on Circuits and Systems Part I: Fundamental Theory and Applications}}
@STRING{ieeetcsII = {IEEE Transactions on Circuits and Systems Part II: Analog and Digital Signal Processing}}

@STRING{ieeetcsIrp = {IEEE Transactions on Circuits and Systems I: Regular Papers}}
@STRING{ieeetcsIIeb = {IEEE Transactions on Circuits and Systems II: Express Briefs}}

@string{ieeetcst = {IEEE Transactions on Control Systems Technology}}
@string{ieeetc = {IEEE Transactions on Computers}}
@string{ieeete = {IEEE Transactions on Education}}
@STRING{ieeetfs = {IEEE Transactions on Fuzzy Systems}}
@STRING{ieeetia = {IEEE Transactions on Industry Applications}}
@STRING{ieeetie = {IEEE Transactions on Industrial Electronics}}
@STRING{ieeetpe = {IEEE Transactions on Power Electronics}}
@string{ieeetps = {IEEE Transactions on Power Systems}}
@string{ieeetsp = {IEEE Transactions on Signal Processing}}
@string{ieeetit =  {IEEE Transaction on Information Theory}}
@STRING{ieeetsmc = {IEEE Transactions on Systems, Man, and Cybernetics}}
@STRING{ieeetsmcb = {IEEE Transactions on Systems, Man, and Cybernetics, Part B: Cybernetics}}


@string{ieepcta = {IEE Proceedings --- Control Theory and Applications}}
@string{ietcta = {IET Control Theory \& Applications}}

@string{infsci = {Information Sciences}}
@string{infocomp = {INFOCOMP Journal of Computer Science}}

@STRING{ijacsp = {International Journal of Adaptive Control and Signal Processing}}
@STRING{ijcas = {International Journal of Control, Automation, and Systems}}
@string{ijc = {International Journal of Control}}
@string{ijrnlc = {International Journal of Robust and Nonlinear Control}}
@string{ijss = {International Journal of Systems Science}}
@string{ijepes = {International Journal of Electrical Power \& Energy Systems}}
@string{imajmci = {IMA Journal of Mathematical Control and Information}}
@string{jcta = {Journal of Control Theory and Applications}}
@string{jdsasme = {Journal of Dynamic Systems, Measurement and Control --- Transactions of ASME}}
@string{jgcd = {Journal of Guidance, Control, and Dynamics}}
@string{jmaa = {Journal of Mathematical Analysis and Applications}}
@string{jota = {Journal of Optimization Theory and Applications}}
@string{jpc = {Journal of Process Control}}
@string{jfi = {Journal of The Franklin Institute}}
@string{jcam = {Journal of Computational and Applied Mathematics}}
@string{jpaa = {Journal of Pure and Applied Algebra}}
@string{kyb = {Kybernetica}}
@string{natma = {Nonlinear Analysis Series A: Theory, Methods \& Applications}}
@STRING{mcss = {Mathematics of Control Signals and Systems}}
@STRING{matproB = {Mathematical Programming: Series B}}
@STRING{mep = {Medical Engineering \& Physics}}

@string{ocam = {Optimal Control Applications and Methods}}
@STRING{oms = {Optimization Methods and Software}}

@string{sp = {Signal Processing}}

@string{vsd = {Vehicle System Dynamics}}

@STRING{pieee = {Proceedings of the IEEE}}

@string{siamjam = {SIAM Journal on Applied Mathematics}}
@string{siamjco = {SIAM Journal on Control and Optimization}}
@STRING{siammaa = {SIAM Journal on Matrix Analysis and Applications}}
@string{siamjo = {SIAM Journal on Optimization}}
@string{siamjsc = {SIAM Journal on Science Computation}}

@string{accn = {Advances in Communication Control Networks}}
@string{kyb = {Kybernetica}}

@string{coa = {Computational Optimization and Applications}}

@string{cdc28={Proceedings of the 28th IEEE Conference on Decision and
        Control}}
@string{cdc29={Proceedings of the 29th IEEE Conference on Decision and
        Control}}
@string{cdc30={Proceedings of the 30th IEEE Conference on Decision and
        Control}}
@string{cdc31={Proceedings of the 31st IEEE Conference on Decision and
        Control}}
@string{cdc32={Proceedings of the 32nd IEEE Conference on Decision and
        Control}}
@string{cdc33={Proceedings of the 33rd IEEE Conference on Decision and
        Control}}
@string{cdc34={Proceedings of the 34th IEEE Conference on Decision and
        Control}}
@string{cdc35={Proceedings of the 35th IEEE Conference on Decision and
        Control}}
@string{cdc36={Proceedings of the 36th IEEE Conference on Decision and
        Control}}
@string{cdc37={Proceedings of the 37th IEEE Conference on Decision and
        Control}}
@string{cdc38={Proceedings of the 38th IEEE Conference on Decision and
        Control}}
@string{cdc39={Proceedings of the 39th IEEE Conference on Decision and
        Control}}
@string{cdc40={Proceedings of the 40th IEEE Conference on Decision and
        Control}}
@string{cdc41={Proceedings of the 41st IEEE Conference on Decision and
        Control}}
@string{cdc42={Proceedings of the 42nd IEEE Conference on Decision and
        Control}}
@string{cdc43={Proceedings of the 43rd IEEE Conference on Decision and
        Control}}
@string{cdc44-ecc05={Proceedings of the 44th IEEE Conference on Decision and
        Control --- European Control Conference ECC 2005}}
@string{cdc45={Proceedings of the 45th IEEE Conference on Decision and
        Control}}
@string{cdc46={Proceedings of the 46th IEEE Conference on Decision and
        Control}}
@string{cdc47={Proceedings of the 47th IEEE Conference on Decision and
        Control}}
@string{cdc48={Proceedings of the 48th IEEE Conference on Decision and
        Control --- 28th Chinese Control Conference}}
@string{cdc49={Proceedings of the 49th IEEE Conference on Decision and
        Control}}


@string{acc90={Proceedings of the 1990 American Control Conference}}
@string{acc91={Proceedings of the 1991 American Control Conference}}
@string{acc92={Proceedings of the 1992 American Control Conference}}
@string{acc93={Proceedings of the 1993 American Control Conference}}
@string{acc94={Proceedings of the 1994 American Control Conference}}
@string{acc95={Proceedings of the 1995 American Control Conference}}
@string{acc96={Proceedings of the 1996 American Control Conference}}
@string{acc97={Proceedings of the 1997 American Control Conference}}
@string{acc98={Proceedings of the 1998 American Control Conference}}
@string{acc99={Proceedings of the 1999 American Control Conference}}
@string{acc00={Proceedings of the 2000 American Control Conference}}
@string{acc01={Proceedings of the 2001 American Control Conference}}
@string{acc02={Proceedings of the 2002 American Control Conference}}
@string{acc03={Proceedings of the 2003 American Control Conference}}
@string{acc04={Proceedings of the 2004 American Control Conference}}
@string{acc05={Proceedings of the 2005 American Control Conference}}
@string{acc06={Proceedings of the 2006 American Control Conference}}
@string{acc07={Proceedings of the 2007 American Control Conference}}
@string{acc08={Proceedings of the 2008 American Control Conference}}
@string{acc09={Proceedings of the 2009 American Control Conference}}
@string{acc10={Proceedings of the 2010 American Control Conference}}
@string{acc11={Proceedings of the 2011 American Control Conference}}

@string{ecc95={Proceedings of the 3rd European Control Conference}}
@string{ecc97={Proceedings of the 4th European Control Conference}}
@string{ecc99={Proceedings of the 5th European Control Conference}}
@string{ecc01={Proceedings of the 2001 European Control Conference}}
@string{ecc03={Proceedings of the 2003 European Control Conference}}

@string{ifac96={Proceedings of the 13th IFAC World Congress}}
@string{ifac99={Proceedings of the 14th IFAC World Congress}}
@string{ifac02={Proceedings of the 15th IFAC World Congress}}
@string{ifac05={Proceedings of the 16th IFAC World Congress}}
@string{ifac08={Proceedings of the 17th IFAC World Congress}}
@string{ifac11={Proceedings of the 18th IFAC World Congress}}

@string{wltds98={Proceedings of the 1st IFAC International Workshop
on Linear Time Delay Systems}}
@string{wltds03={Proceedings of the 4th IFAC International Workshop
on Linear Time Delay Systems}}

@string{mtns04={Proceedings of the 16th International Symposium on Mathematical Theory of Networks and Systems (MTNS 2004)}}
@string{mtns06={Proceedings of the 17th International Symposium on Mathematical Theory of Networks and Systems (MTNS 2006)}}

@string{cba92={Anais do IX Congresso Brasileiro de Autom\'{a}tica}}
@string{cba94={Anais do X Congresso Brasileiro de Autom\'{a}tica}}
@string{cba96={Anais do XI Congresso Brasileiro de Autom\'{a}tica}}
@string{cba98={Anais do XII Congresso Brasileiro de Autom\'{a}tica}}
@string{cba00={Anais do XIII Congresso Brasileiro de Autom\'{a}tica}}
@string{cba02={Anais do XIV Congresso Brasileiro de Autom\'{a}tica}}
@string{cba04={Anais do XV Congresso Brasileiro de Autom\'{a}tica}}
@string{cba06={Anais do XVI Congresso Brasileiro de Autom\'{a}tica}}
@string{cba08={Anais do XVII Congresso Brasileiro de Autom\'{a}tica}}
@string{cba10={Anais do XVIII Congresso Brasileiro de Autom\'{a}tica}}

@string{sbai09={Anais do IX Congresso Brasileiro de Automa\c{c}\~{a}o Inteligente}}
@string{sbai11={Anais do X Congresso Brasileiro de Automa\c{c}\~{a}o Inteligente}}

@string{rocond00={Proceedings of the 3rd IFAC Symposium on Robust Control Design (ROCOND 2000)}}
@string{rocond03={Proceedings of the 4th IFAC Symposium on Robust Control Design (ROCOND 2003)}}
@string{rocond06={Proceedings of the 5th IFAC Symposium on Robust Control Design (ROCOND 2006)}}
@string{rocond09={Proceedings of the 6th IFAC Symposium on Robust Control Design (ROCOND 2009)}}

@string{sssc07={Proceedings of the 3rd IFAC Symposium on System, Structure and Control (SSSC07)}}

@string{cca03={Proceedings of the 2003 IEEE Conference on Control Applications}}

@string{cacsd04={Proceedings of the 2004 IEEE International Symposium on Computer Aided Control Systems Design}}
@string{cacsd11={Proceedings of the 2011 IEEE International Symposium on Computer Aided Control Systems Design}}

@string{med2002={Proceedings of the 10th Mediterranean Conference on Control and Automation (MED2002)}}
@string{med2006={Proceedings of the 14th Mediterranean Conference on Control and Automation (MED2006)}}
@string{med2007={Proceedings of the 15th Mediterranean Conference on Control and Automation (MED2007)}}
@string{med2008={Proceedings of the 16th Mediterranean Conference on Control and Automation (MED2008)}}
@string{med2009={Proceedings of the 17th Mediterranean Conference on Control and Automation (MED2009)}}

@string{fuzz-ifes95={Proceedings of the 4th IEEE International Conference on Fuzzy Systems and The 2nd International Fuzzy Engineering Symposium}}
@string{fuzz06={Proceedings of the 2006 IEEE International Conference on Fuzzy Systems}}
@string{fuzz07={Proceedings of the 2007 IEEE International Conference on Fuzzy Systems}}
@string{fuzz08={Proceedings of the 2008 IEEE International Conference on Fuzzy Systems}}
@string{fuzz09={Proceedings of the 2009 IEEE International Conference on Fuzzy Systems}}
@string{fuzz10={Proceedings of the 2010 IEEE International Conference on Fuzzy Systems}}

@string{ascc09={Proceedings of the 7th Asian Control Conference}}
@string{smc09={Proceedings of the 2009 IEEE International Conference on Systems, Man, and Cybernetics}}
