% Livros
@book{Ogata,
  author    = {Katsuhiko Ogata}, 
  title     = {Engenharia de Controle Moderno},
  publisher = {Pearson Prentice Hall},
  pages     = 809,
  isbn      = {978-85-4301-375-6},
  address   = {São Paulo},
  edition   = {5. ed.},
  month     = {Julho},
  year      = {2010}
}

@book{Hespanha,
  author    = {João P. Hespanha}, 
  title     = {Linear Systems Theory},
  publisher = {Princeton University Press},
  pages   =   280,
  isbn      = {978-0-691-14021-6},
  address   = {Princeton, New Jersey},
  edition   = {1. ed.},
  year      = {2009}
}

@book{Chen,
  author    = {Chi-Tsong Chen}, 
  title     = {Linear System Theory and Design},
  publisher = {Oxford University Press},
  pages   =   334,
  isbn      = {0-19-511777-8},
  address   = {New York},
  edition   = {3. ed.},
  year      = {1999}
}

@book{Sage,
  author    = {Andrew P. Sage}, 
  title     = {Optimum Systems Control},
  publisher = {Prentice-Hall, Inc},
  pages     =  427,
  isbn      = {0-13-638296-7},
  address   = {Englewood Cliffs, New Jersey},
  edition   = {2. ed.},
  year      = {1977}
}

@book{Groover:11,
  author    = {Mikell P. Groover}, 
  title     = {Automação industrial e sistemas de manufatura},
  publisher = {Prentice-Hall, Inc},
  pages     =  581,
  isbn      = {9-78-857605871-7},
  address   = {São Paulo: Pearson Prentice Hall},
  edition   = {3. ed.},
  year      = {2013}
}

@book{Steven:17,
  author     = {Steven L. Brunton and Thomas Duriez and Bernd R. Noack},
  title      = {Machine Learning Control - Taming Nonlinear Dynmics and Turbulence},
  year       = 2017,
  publisher  = {Springer International Publishing}
  pages      = 229,
  isbn       = {978-3-319-40623-7}
}


% Referências utilizadas no Estado da Arte
@INPROCEEDINGS{ME:18, 
 AUTHOR        = {M. Engin}, 
 TITLE         = {Embedded LQR controller design for self-balancing robot}, 
 BOOKTITLE     = {2018 7th Mediterranean Conference on Embedded Computing (MECO)}, 
 PAGES         = {1-4}, 
 ADDRESS       = {Budva, Montenegro} ,
 DOI           = {10.1109/MECO.2018.8405959}, 
 MONTH         = {June},
 PUBLISHER     = {IEEE},
 YEAR          = {2018}
}

@misc{JVM:17,
 AUTHOR        = {J. V. Melo}, 
 TITLE         = {Identificação e Controle de um Veículo Segway para fins Educacionais}, 
 BOOKTITLE     = {XIII Simpósio Brasileiro de Automação Inteligente}, 
 PAGES         = {1-6}, 
 ADDRESS       = {Porto Alegre, RS},
 MONTH         = {October},
 PUBLISHER     = {SBAI},
 YEAR          = {2017}
}

@Misc{CCEL:17,
  author  = {C. C. S. Pedroso and E. L. P. Modesto},
  title   = {Sistema de Controle de Pêndulo Invertido},
  note    = {Monografia (Bacharel em Mecatrônica Industrial), Universidade Tecnológica Federal do Paraná – UTFPR, Curitiba, PR, 2017},
  year    = {2017}
}

%% Revisão Bibilográfica
@Misc{Sundin:12,
 author  = {Christian Sundin and Filip Thorstensson},
 title   = {Design and Construction of a Balancing Robot},
 school  = {Chalmers University of Techonology},
 address = {Göteborg, Sweden},
 year    = {2012},
}

@Misc{Ooi:03,
 author  = {Rich Chi Ooi},
  title   = {Balancing a Two-Wheeled Autonomous Robot},
 school  = {University of Western Australia},
 address = {Western Australia},
 year    = {2003},
}

@INPROCEEDINGS{PIDBack:10, 
 author={Nguyen Gia Minh Thao, Duong Hoai Nghia and Nguyen Huu Phucand}, 
 title={A PID backstepping controller for two-wheeled self-balancing robot}, 
 booktitle={International Forum on Strategic Technology 2010}, 
 pages={76-81}, 
 doi={10.1109/IFOST.2010.5668001}, 
 month={October},
 year={2010}
}

@INPROCEEDINGS{Junfeng:11, 
author={W. Junfeng and Z. Wanying},
title={Research on Control Method of Two-wheeled Self-balancing Robot}, 
booktitle={2011 Fourth International Conference on Intelligent Computation Technology and Automation}, 
volume={1}, 
pages={476-479}, 
doi={10.1109/ICICTA.2011.132},
month={March},
year={2011}
}

@INPROCEEDINGS{Juang:13, 
author={H. Juang and K. Lurrr}, 
title={Design and control of a two-wheel self-balancing robot using the arduino microcontroller board},
booktitle={2013 10th IEEE International Conference on Control and Automation (ICCA)}, 
pages={634-639}, 
doi={10.1109/ICCA.2013.6565146}, 
ISSN={1948-3449}, 
month={June},
year={2013}
}

@INPROCEEDINGS{Sun:14, 
author={F. Sun and Z. Yu and H. Yang}, 
title={A design for two-wheeled self-balancing robot based on Kalman filter and LQR}, 
booktitle={2014 International Conference on Mechatronics and Control (ICMC)}, 
pages={612-616}, 
doi={10.1109/ICMC.2014.7231628}, 
month={July},
year={2014}
}

@Misc{Paula:14,
 author = {Adriano Rodrigues de Paula},
 title = {Modelagem e controle do pêndulo invertido sobre duas rodas},
 school = {Universidade Federal do Ceará},
 year = {2014},
 address = {Fortaleza, CE}
}

@Misc{Silva:17,
 author = {Gustavo Diniz Silva},
 title = {Projeto, modelagem, simulação, construção e controle de um veículo de duas rodas pêndulo invertido.},
 school = {Universidade Federal de Uberlândia},
 year = {2017},
 address = {Uberlândia, MG}
}

@Misc{Faria:15,
 author = {Lucas Martins Faria},
 title = {Modelagem e Controle do Pêndulo Invertido Rotacional ou Pêndulo de Furuta.},
 school = {Centro Federal de Educação Tecnológica de Minas Gerais},
 year = {2015},
 address = {Belo Horizonte, MG}
}

@Misc{Alves:18,
 author = {Rafael Gustavo Alves},
 title = {Controle de um pêndulo invertido utilizando técnica de linearização por realimentação},
 school = {Universidade Federal de Ouro Preto},
 year = {2018},
 address = {Ouro Preto, MG}
}

@Misc{Segway,
 author = {{SEGWAY}},
 howpublished = {\url{ http://www.segway.com/products/professional/segway-x2-se}},
 note   = {Acesso: 20 de Abril de 2019},
 year   = {2019}
}

@Misc{Motor,
 author = {{BAÚ DA ELETRÔNICA}},
 howpublished = {\url{http://www.baudaeletronica.com.br/motor-dc-6v-210rpm-com-encoder-e-roda.html}},
 note   = {Acesso: 25 de Abril de 2019},
 year   = {2019}
}

@Misc{PonteH,
 author = {{VIDA DE SILÍCIO}},
 title  = {Ponte H L298N – Controlando a velocidade de um motor DC com PWM},
 howpublished = {\url{https://portal.vidadesilicio.com.br/ponte-h-l298n-controle-velocidade-motor}},
 note   = {Acesso: 25 de Abril de 2019},
 year   = {2019}
}

@Misc{ESP32,
 author = {{FERNANDO K}},
 howpublished = {\url{https://www.fernandok.com/2017/11/introducao-ao-esp32.html}},
 note   = {Acesso: 30 de Abril de 2019},
 year   = {2019}
}

@Misc{ArduinoNano,
 author = {{FERNANDO K}},
 howpublished = {\url{https://www.fernandok.com/2017/11/introducao-ao-esp32.html}},
 note   = {Acesso: 30 de Abril de 2019},
 year   = {2019}
}

@Misc{MPU6050,
 author = {{INVENSENSE}},
 title  = {MPU-6000 and MPU-6050 Product Specification},
 howpublished = {\url{https://store.invensense.com/datasheets/invensense/MPU-6050_DataSheet_V3\%204.pdf}},
 note   = {Acesso: 2 de Maio de 2019},
 year   = {2019}
}

@Misc{Bateria,
 author = {{MERCADO LIVRE}},
 howpublished = {\url{https://produto.mercadolivre.com.br/MLB-699859307-lipo-bateria-2200-mah-3s-25c-turnigy-aero-drone-heli-_JM?quantity=1}},
 note   = {Acesso: 10 de Maio de 2019},
 year   = {2019}
}


%% Fundamentação Teórica
@Misc{DES:17,
 author  = {Darlei Elis Schiling},
 title   = {Modelagem e Controle de um Robô de Eixo Único             em Sistema de Pêndulo Invertido},
 address = {Ijuí, RS},
 school  = {Universidade Regional do Noroeste do Estado do            Rio Grande do Sul},
 year    = {2017}
}

@PHDTHESIS{Matos:08,
  author  = {Edson Jorge de Matos},
  title   = {Projeto de Controladores Robustos do tipo                LQG/LTR para Sistema Multivariável Instável              com uso de Pré-Compensador Dinâmico},
  address = {Belém, PA},
  school  = {Universidade Federal do Pará},
  year    = 2008
}

@MastersThesis{Fernandes:14,
  author  = {Pedro Baptista Fernandes},
  title   = {Controladores Robustos do Tipo LQG/LTR de                Orde Reduzida para Sistemas MIMO com Saídas              Indepedentes de seus Modos Não Dominantes},
  school  = {Universidade Federal do Pará},
  address = {Belém, PA},
  year    = {2014}
}

@INPROCEEDINGS{Kalbat:13, 
  author    = {Abdulrahman Kalbat}, 
  title     = {Linear Quadratic Gaussian (LQG) Control of               wind turbines},
  booktitle = {2013 3rd International Conference on                     Electric Power and Energy Conversion                     Systems}, 
  pages     = {1-5},
  doi       = {10.1109/EPECS.2013.6713053}, 
  month     = {Oct},
  year      = {2013}
}

@article{Kim:13,
author = {Heung Soo Kim and Jung Woo Sohn and Juncheol Jeon and  Seung-Bok Choi},
title = {Reduction of the Radiating Sound of a Submerged Finite Cylindrical Shell Structure by Active Vibration Control},
pages = {2132-2147},
journal = {Sensors (Basel, Switzerland)},
doi = {10.3390/s130202131},
year = {2013}
}

@article{Jung:05,
  author = {Cláudio Rosito Jung and Fernando Santos Osório and  Christian Roberto Kelber and Farlei José Heinen},
  year = {2005},
  title = {Computação Embarcada: Projeto e Implementação de Veículos Autônomos Inteligentes},
  booktitle = {Anais do XXV Congresso da SBC - JAI: Jornadas de Atualização em Informática},
  adress       = {São Leopoldo, RS}
}

@inproceedings{Bonafilia2013,
  title={Self-balancing two-wheeled robot},
  author={Brian R. Bonafilia and Nicklas Gustafsson and Per Nyman and Sebastian Noculak Nilsson},
  year={2013}
}




%% Exemplos
@MastersThesis{dOli:99,
 author = {M. C. {de Oliveira}},
 title = {Controle de sistemas lineares baseado nas desigualdades matriciais lineares},
 school = {Universidade Estadual de Campinas. Faculdade de Engenharia  El\'etrica e Computa\c{c}\~ao},
 year = {1999},
 address = {Campinas, SP}
}

@MastersThesis{Sou:94,
 author = {C. C. Souza},
 title = {Controle \'otimo de sistemas flex\'iveis via realimenta\c{c}\~ao de sa\'ida},
 school = {Universidade Estadual de Campinas. Faculdade de Engenharia  El\'etrica e Computa\c{c}\~ao},
 year = {1994},
 address = {Campinas, SP}
}

@MastersThesis{Alm:91,
 author = {A. M. K. Almugla},
 title = {Controle de sistemas lineares incertos via realimenta\c{c}\~ao de sa\'ida},
 school = {Universidade Estadual de Campinas. Faculdade de Engenharia   El\'etrica e Computa\c{c}\~ao},
 year = {1991},
 address = {Campinas, SP}
}


@MastersThesis{Mor:09,
 author = {H. R. Moreira},
 title = {Realimenta\c{c}\~ao de sa\'ida robusta a partir de controladores dependentes de par\^ametros para sistemas lineares incertos discretos no tempo},
 school = {Universidade Estadual de Campinas. Faculdade de Engenharia El\'etrica e Computa\c{c}\~ao},
 year = {2009},
 address = {Campinas, SP}
}


@ARTICLE{MOP:09,
  AUTHOR =       {H. R. Moreira, R. C. L. F. Oliveira and P. L. D. Peres},
  TITLE =        {Robust {${\mathcal{H}}_2$} static output feedback design starting from a parameter-dependent state feedback controller for time-invariant discrete-time polytopic systems},
  JOURNAL =      ocam,
  YEAR =         {2009},
  url =       {http://dx.doi.org/10.1002/oca.916}
}

@ARTICLE{SEKF:09,
  AUTHOR =       {A. Seuret and C. Edwards and S. K. Spurgeon and E. Fridman},
  TITLE =        {Static Output Feedback Sliding Mode Control Design via an Artificial Stabilizing Delay},
  JOURNAL =      ieeetac,
  YEAR =         {2009},
  volume =       {54},
  issue = {2},
  pages =        {256-265},
  month = {February}
}

@ARTICLE{Ibr:08,
  AUTHOR =       {S. Ibrir},
  TITLE =        {Static output feedback and guaranteed cost control of a class of discrete-time nonlinear systems with partial state measurements},
  JOURNAL =      na,
  YEAR =         {2008},
  volume =       {68},
  issue = {7},
  pages =        {1784-1792},
  month = {April}
}

@ARTICLE{SQ:09,
  AUTHOR =       {H.-B. Shi and L. Qi},
  TITLE =        {Static output feedback simultaneous stabilisation via coordinates transformations with free variables},
  JOURNAL =      ieetcta,
  YEAR =         {2009},
  volume =       {54},
  issue = {4},
  pages =        {774-787},
  month = {April}
}

@ARTICLE{OZY:09,
  AUTHOR =       {L.-L. Ou and W.-D. Zhang and L. Yu},
  TITLE =        {Low-Order Stabilization of {LTI} Systems With Time Delays},
  JOURNAL =      ieeetac,
  YEAR =         {2009},
  volume =       {54},
  issue = {4},
  pages =        {774-787},
  month = {April}
}



@Article{SADG:97,
 author = {V. L. Syrmos and C. T. Abdallah and P. Dorato and K. Grigoriadis},
 title = {Static Output Feedback --- A Survey},
 journal = aut,
 year = {1997},
 volume = {33},
 number = {2},
 pages = {125--137},
 month = {February}
}

@Article{SGC:97,
 author = {C. Scherer and P. Gahinet and M. Chilali},
 title = {Multiobjective Output-Feedback Control via LMI Optimization},
 journal = ieeetac,
 year = {1997},
 volume = {42},
 number = {7},
 pages = {896--911},
 month = {July}
}


@INPROCEEDINGS{XdSX:07,
  AUTHOR =       {J. Xu and C. E. {De Souza} and L. Xie},
  TITLE =        {A Scaling {LMI} Approach to Output Feedback Control of Discrete-time {LTI} Systems},
  BOOKTITLE =    cca07,
  YEAR =         {2007},
  pages =        {42-46},
  address =      {Guangzhou, China},
  month =        {May, 30 - June, 1},
  publisher =    {IEEE}
}


@Article{GB:86,
  author = 	 "A. R.   Galimidi  and B. R. Barmish",
  title = 	 {The constrained {L}yapunov problem and its application to
		robust output feedback stabilization},
  journal = 	 ieeetac,
  year = 	 "1986",
  volume = 	 "31",
  number = 	 "5",
  pages = 	 "410--419"
}


@Inproceedings{GPS:93b,
	author={J. C. Geromel and P. L. D. Peres and S. R. Souza},
	title={Convex analysis of the output feedback structural constraint},
	booktitle=cdc32,
	volume={2},
	address={San Antonio, USA},
	pages={1363--1364},
	year={1993}
}

@Article{GPS:96,
  author = 	 "J. C. Geromel and P. L. D. Peres and S. R.  Souza",
  title = 	 {Convex analysis of output feedback control problems:
robust stability and performance},
  journal = 	 ieeetac,
  year = 	 "1996",
  volume = 	 "41",
  number = 	 "7",
  pages = 	 "997--1003",
  month = 	 "July"
}

@article{GOA:97,
	author={L. {El Ghaoui} and F. Oustry and M. Aitrami},
	title={A cone complementarity linearization algorithm for static output feedback and related problems},
  journal = 	 ieeetac,
  year = 	 "1997",
  volume = 	 "42",
  number = 	 "8",
  pages = 	 "1171--1176",
  month = 	 "August"
}

@Article{Gu:90,
  author = 	 "G. Gu",
  title = 	 {Stabilizability conditions of multivariable
uncertain systems via output feedback control},
  journal = 	 ieeetac,
  year = 	 "1990",
  volume = 	 "35",
  number = 	 "8",
  pages = 	 "926--927"
}

@Article{LA:70,
  author = 	 "W. S. Levine and M. Athans",
  title = 	 {On the determination of the optimal constant output feedback
	gains for linear multivariable systems},
  journal = 	 ieeetac,
  year = 	 "1970",
  volume = 	 "15",
  number = 	 "1",
  pages = 	 "44--48"
}

@Article{MT:87,
  author = 	 {P. M. {M\"{a}kil\"{a}} and H. T. Toivonen},
  title = 	 {Computacional methods for
parametric {LQ} problems --- a survey},
  journal = 	 ieeetac,
  year = 	 "1987",
  volume = 	 "32",
  number = 	 "8",
  pages = 	 "658--671"
}


@Inproceedings{PGS:93b,
	author={P. L. D. Peres and J. C. Geromel and S. R. Souza},
	title={Optimal {$\Hd$} control by output feedback},
	booktitle=cdc32,
	volume={1},
	address={San Antonio, USA},
	pages={102--107},
	year={1993}
}

@Inproceedings{PGS:93c,
	author={P. L. D. Peres and J. C. Geromel and S. R. Souza},
	title={{${\mathcal{H}}_{\infty}$} robust control by static output feedback},
	booktitle=acc93,
	volume={1},
	address={San Francisco, USA},
	pages={620--621},
	year={1993}
}

@Inproceedings{PGS:94b,
	author={P. L. D. Peres and J. C. Geromel and S. R. Souza},
	title={{${\mathcal{H}}_{2}$} output feedback control for discrete-time systems},
	booktitle=acc94,
	volume={3},
	address={Baltimore, USA},
	pages={2429--2433},
	year={1994}
}

@Inproceedings{PS:95a,
	author={P. L. D. Peres and S. R. Souza},
	title={{${\mathcal{H}}_{\infty}$} decentralized output feedback control for discrete-time
uncertain systems},
	booktitle=acc95,
	volume={4},
	address={Seattle, USA},
	pages={2926--2930},
	year={1995}
}

@Inproceedings{PS:95b,
	author={P. L. D. Peres and S. R. Souza},
	title={Mixed {${\mathcal{H}}_{2}$/${\mathcal{H}}_{\infty}$} decentralized output feedback
control for continuous-time uncertain systems},
	booktitle={Proceedings of the IFAC/IFORS/IMACS Symposium
--- Large Scale Systems: Theory and Applications},
	volume={2},
	address={London, UK},
	pages={569--574},
	year={1995}
}

@Inproceedings{GPS:93c,
	author={J. C. Geromel and P. L. D. Peres and S. R. Souza},
	title={Output feedback stabilization of uncertain systems throughout
a {M}in/{M}ax problem},
	booktitle={Proceedings of the 12th IFAC World Congress on Automatic Control},
	volume={6},
	address={Sidney, Australia},
	pages={35--38},
	year={1993}
}

@Article{CT:99,
  author = 	 "C. A. R. Crusius and A. Trofino",
  title = 	 {Sufficient {LMI} conditions for output feedback control problems},
  journal = 	 ieeetac,
  year = 	 "1999",
  volume = 	 "44",
  number = 	 "5",
  pages = 	 "1053--1057",
  month = 	 "May"
}

@ARTICLE(dOGB:00,
 author = {M. C. de Oliveira and  J. C. Geromel and J. Bernussou},
 title = {Design of dynamic output feedback decentralized controllers
 via a separation procedure},
 journal =  ijc,
 year = "2000",
 volume = {73},
 number = {5},
 pages = {371--381},
 month = {March}
)


@MISC{MU:14,
      AUTHOR = {{MICHIGAN UNIVERSITY}},
      TITLE = "Control Tutorials",
      YEAR = {2014},
      NOTE = "Disponível em \url{http://zip.net/bdpcTL} Acessado em: $05$ Ago $2014$."
}
